
@article{DBLP:journals/corr/CumminsPL15,
  author    = {Ronan Cummins and
               Jiaul Hoque Paik and
               Yuanhua Lv},
  title     = {A Polya Urn Document Language Model for Improved Information Retrieval},
  journal   = {CoRR},
  volume    = {abs/1502.00804},
  year      = {2015},
  url       = {http://arxiv.org/abs/1502.00804},
  timestamp = {Mon, 02 Mar 2015 14:17:34 +0100},
  biburl    = {http://dblp.uni-trier.de/rec/bib/journals/corr/CumminsPL15},
  bibsource = {dblp computer science bibliography, http://dblp.org}
}

@inproceedings{lavrenko2001relevance,
  title={Relevance based language models},
  author={Lavrenko, Victor and Croft, W Bruce},
  booktitle={Proceedings of the 24th annual international ACM SIGIR conference on Research and development in information retrieval},
  pages={120--127},
  year={2001},
  organization={ACM}
}

@article{bingimproving,
  title={Improving Distant Supervision for Information Extraction Using Label Propagation Through Lists},
  author={Bing, Lidong and Chaudhari, Sneha and Wang, Richard C and Cohen, William W}
}

@inproceedings{simpson2014overview,
  title={Overview of the TREC 2014 Clinical Decision Support Track},
  author={Simpson, Matthew S and Voorhees, E and Hersh, William},
  booktitle={Proc. 23rd Text Retrieval Conference (TREC 2014). National Institute of Standards and Technology (NIST)},
  year={2014}
}

@inproceedings{xiong2015query,
  title={Query expansion with Freebase},
  author={Xiong, Chenyan and Callan, Jamie},
  booktitle={Proceedings of the 2015 International Conference on The Theory of Information Retrieval},
  pages={111--120},
  year={2015},
  organization={ACM}
}
