@inproceedings{sklearn_api,
  author    = {Lars Buitinck and Gilles Louppe and Mathieu Blondel and
               Fabian Pedregosa and Andreas Mueller and Olivier Grisel and
               Vlad Niculae and Peter Prettenhofer and Alexandre Gramfort
               and Jaques Grobler and Robert Layton and Jake VanderPlas and
               Arnaud Joly and Brian Holt and Ga{\"{e}}l Varoquaux},
  title     = {{API} design for machine learning software: experiences from the scikit-learn
               project},
  booktitle = {ECML PKDD Workshop: Languages for Data Mining and Machine Learning},
  year      = {2013},
  pages = {108--122},
}

@article{DBLP:journals/corr/AgirreBS15,
  author    = {Eneko Agirre and
               Ander Barrena and
               Aitor Soroa},
  title     = {Studying the Wikipedia Hyperlink Graph for Relatedness and Disambiguation},
  journal   = {CoRR},
  volume    = {abs/1503.01655},
  year      = {2015},
  url       = {http://arxiv.org/abs/1503.01655},
  timestamp = {Thu, 09 Apr 2015 11:33:20 +0200},
  biburl    = {http://dblp.uni-trier.de/rec/bib/journals/corr/AgirreBS15},
  bibsource = {dblp computer science bibliography, http://dblp.org}
}

@inproceedings{ganitkevitch2013ppdb,
  title = {{PPDB}: The Paraphrase Database},
  author = {Ganitkevitch, Juri and {Van Durme}, Benjamin and
    Callison-Burch, Chris},
  booktitle = {Proceedings of NAACL-HLT},
  pages = {758--764},
  month = {June},   year={2013},
  address = {Atlanta, Georgia},
  publisher = {Association for Computational Linguistics},
  url = {http://cs.jhu.edu/~ccb/publications/ppdb.pdf}
}

@inproceedings{mikolov2013distributed,
  title={Distributed representations of words and phrases and their compositionality},
  author={Mikolov, Tomas and Sutskever, Ilya and Chen, Kai and Corrado, Greg S and Dean, Jeff},
  booktitle={Advances in neural information processing systems},
  pages={3111--3119},
  year={2013}
}

@inproceedings{turian2010word,
  title={Word representations: a simple and general method for semi-supervised learning},
  author={Turian, Joseph and Ratinov, Lev and Bengio, Yoshua},
  booktitle={Proceedings of the 48th annual meeting of the association for computational linguistics},
  pages={384--394},
  year={2010},
  organization={Association for Computational Linguistics}
}

@inproceedings{pennington2014glove,
  author = {Jeffrey Pennington and Richard Socher and Christopher D. Manning},
  booktitle = {Proceedings of the 2014 Conference on Empirical Methods in Natural Language Processing (EMNLP 2014)},
  title = {GloVe: Global Vectors for Word Representation},
  year = {2014},
  pages = {1532--1543},
  url = {http://www.aclweb.org/anthology/D14-1162},
}

@InProceedings{manning-EtAl:2014:P14-5,
  author    = {Manning, Christopher D. and  Surdeanu, Mihai  and  Bauer, John  and  Finkel, Jenny  and  Bethard, Steven J. and  McClosky, David},
  title     = {The {Stanford} {CoreNLP} Natural Language Processing Toolkit},
  booktitle = {Proceedings of 52nd Annual Meeting of the Association for Computational Linguistics: System Demonstrations},
  year      = {2014},
  pages     = {55--60},
  url       = {http://www.aclweb.org/anthology/P/P14/P14-5010}
}

@InProceedings{mitchell-lapata:2008:ACLMain,
  author    = {Mitchell, Jeff  and  Lapata, Mirella},
  title     = {Vector-based Models of Semantic Composition},
  booktitle = {Proceedings of ACL-08: HLT},
  month     = {June},
  year      = {2008},
  address   = {Columbus, Ohio},
  publisher = {Association for Computational Linguistics},
  pages     = {236--244},
  url       = {http://www.aclweb.org/anthology/P/P08/P08-1028}
}


@InProceedings{saric2012takelab,
  author    = {\v{S}ari\'{c}, Frane  and  Glava\v{s}, Goran  and  Karan, Mladen
               and  \v{S}najder, Jan  and  Dalbelo Ba\v{s}i\'{c}, Bojana},
  title     = {TakeLab: Systems for Measuring Semantic Text Similarity},
  booktitle = {Proceedings of the Sixth International Workshop on Semantic Evaluation
               {(SemEval 2012)}},
  month     = {7-8 June},
  year      = {2012},
  address   = {Montr\'{e}al, Canada},
  publisher = {Association for Computational Linguistics},
  pages     = {441--448},
  url       = {http://www.aclweb.org/anthology/S12-1060}
}

@InProceedings{zhao-lan-tian:2015:SemEval,
  author    = {Zhao, Jiang  and  Lan, Man  and  Tian, Jun Feng},
  title     = {ECNU: Using Traditional Similarity Measurements and Word Embedding for Semantic Textual Similarity Estimation},
  booktitle = {Proceedings of the 9th International Workshop on Semantic Evaluation (SemEval 2015)},
  month     = {June},
  year      = {2015},
  address   = {Denver, Colorado},
  publisher = {Association for Computational Linguistics},
  pages     = {117--122},
  url       = {http://www.aclweb.org/anthology/S15-2021}
}

@InProceedings{agirre-EtAl:2015:SemEval2,
  author    = {Agirre, Eneko  and  Banea, Carmen  and  Cardie, Claire  and  Cer, Daniel  and  Diab, Mona  and  Gonzalez-Agirre, Aitor  and  Guo, Weiwei  and  Lopez-Gazpio, Inigo  and  Maritxalar, Montse  and  Mihalcea, Rada  and  Rigau, German  and  Uria, Larraitz  and  Wiebe, Janyce},
  title     = {SemEval-2015 Task 2: Semantic Textual Similarity, English, Spanish and Pilot on Interpretability},
  booktitle = {Proceedings of the 9th International Workshop on Semantic Evaluation (SemEval 2015)},
  month     = {June},
  year      = {2015},
  address   = {Denver, Colorado},
  publisher = {Association for Computational Linguistics},
  pages     = {252--263},
  url       = {http://www.aclweb.org/anthology/S15-2045}
}

@InProceedings{sultan-bethard-sumner:2015:SemEval,
  author    = {Sultan, Md Arafat  and  Bethard, Steven  and  Sumner, Tamara},
  title     = {DLS$@$CU: Sentence Similarity from Word Alignment and Semantic Vector Composition},
  booktitle = {Proceedings of the 9th International Workshop on Semantic Evaluation (SemEval 2015)},
  month     = {June},
  year      = {2015},
  address   = {Denver, Colorado},
  publisher = {Association for Computational Linguistics},
  pages     = {148--153},
  url       = {http://www.aclweb.org/anthology/S15-2027}
}

@InProceedings{zhao-zhu-lan:2014:SemEval,
  author    = {Zhao, Jiang  and  Zhu, Tiantian  and  Lan, Man},
  title     = {ECNU: One Stone Two Birds: Ensemble of Heterogeneous Measures for Semantic Relatedness and Textual Entailment},
  booktitle = {Proceedings of the 8th International Workshop on Semantic Evaluation (SemEval 2014)},
  month     = {August},
  year      = {2014},
  address   = {Dublin, Ireland},
  publisher = {Association for Computational Linguistics and Dublin City University},
  pages     = {271--277},
  url       = {http://www.aclweb.org/anthology/S14-2044}
}

@InProceedings{tiantian-lan:2013:*SEM,
  author    = {Tiantian, Zhu  and  Lan, Man},
  title     = {ECNUCS: Measuring Short Text Semantic Equivalence Using Multiple Similarity Measurements},
  booktitle = {Second Joint Conference on Lexical and Computational Semantics (*SEM), Volume 1: Proceedings of the Main Conference and the Shared Task: Semantic Textual Similarity},
  month     = {June},
  year      = {2013},
  address   = {Atlanta, Georgia, USA},
  publisher = {Association for Computational Linguistics},
  pages     = {124--131},
  url       = {http://www.aclweb.org/anthology/S13-1017}
}


@InProceedings{vsaric-EtAl:2012:STARSEM-SEMEVAL,
  author    = {\v{S}ari\'{c}, Frane  and  Glava\v{s}, Goran  and  Karan, Mladen  and  \v{S}najder, Jan  and  Dalbelo Ba\v{s}i\'{c}, Bojana},
  title     = {TakeLab: Systems for Measuring Semantic Text Similarity},
  booktitle = {{*SEM 2012}: The First Joint Conference on Lexical and Computational Semantics -- Volume 1: Proceedings of the main conference and the shared task, and Volume 2: Proceedings of the Sixth International Workshop on Semantic Evaluation {(SemEval 2012)}},
  month     = {7-8 June},
  year      = {2012},
  address   = {Montr\'{e}al, Canada},
  publisher = {Association for Computational Linguistics},
  pages     = {441--448},
  url       = {http://www.aclweb.org/anthology/S12-1060}
}

@inproceedings{W14-0102,
booktitle = {Proceedings of the Seventh Global Wordnet Conference},
author = {Antoni Oliver},
title = {WN-Toolkit: Automatic generation of WordNets following the expand model},
url = {http://www.aclweb.org/anthology/W14-0102},
pages = {7-15},
editor = {Heili Orav and Christiane Fellbaum and Piek Vossen},
address = {Tartu, Estonia},
year = 2014
}

@inproceedings{kusner2015word,
  title={From Word Embeddings To Document Distances},
  author={Kusner, Matt and Sun, Yu and Kolkin, Nicholas and Weinberger, Kilian Q},
  booktitle={Proceedings of the 32nd International Conference on Machine Learning (ICML-15)},
  pages={957--966},
  year={2015}
}
